@article{Aaronson2005,
  title = {Quantum computing and hidden variables},
  author = {Aaronson, Scott},
  journal = {Phys. Rev. A},
  volume = {71},
  issue = {3},
  pages = {032325},
  numpages = {16},
  year = {2005},
  month = {Mar},
  publisher = {American Physical Society},
  doi = {10.1103/PhysRevA.71.032325},
  url = {http://link.aps.org/doi/10.1103/PhysRevA.71.032325}
}

@phdthesis{caradoc_davies_thesis,
  author       = {Benjamin M. Caradoc Davies},
  title        = {Vortex dynamics in Bose--Einstein condensates},
  school       = {University of Otago},
  year         = 2000,
  address      = {Dunedin, New Zealand},
  month        = {Jul},
}

@Book{sakurai,
  author = {Sakurai, J. J.},
  title = {Modern quantum mechanics},
  publisher = {Addison-Wesley Pub. Co},
  year = {1994},
  address = {Reading, Mass},
  isbn = {9780201539295}
 }

 @article{Muslu2005,
 title = {Higher-order split-step {Fourier} schemes for the generalized nonlinear {Schr\"odinger} equation},
 journal = {Mathematics and Computers in Simulation},
 volume = {7},
 number = {6},
 pages = {581 - 595},
 year = {2005},
 issn = {0378-4754},
 doi = {10.1016/j.matcom.2004.08.002},
 url = {http://www.sciencedirect.com/science/article/pii/S037847540400254X},
 author = {G.M. Muslu and H.A. Erbay},
 }

@book{heroux2006parallel,
  title={Parallel processing for scientific computing},
  author={Heroux, M.A. and Raghavan, P. and Simon, H.D.},
  isbn={9780898718133},
  url={https://books.google.com.au/books?id=Kxaa1S85Q0wC},
  year={2006},
  publisher={Society for Industrial and Applied Mathematics},
  address={Philadelphia, PA},
}

@article{schneider2006,
  title = {Parallel solver for the time-dependent linear and nonlinear Schr\"odinger equation},
  author = {Schneider, Barry I. and Collins, Lee A. and Hu, S. X.},
  journal = {Phys. Rev. E},
  volume = {73},
  issue = {3},
  pages = {036708},
  numpages = {11},
  year = {2006},
  month = {Mar},
  publisher = {American Physical Society},
  doi = {10.1103/PhysRevE.73.036708},
  url = {http://link.aps.org/doi/10.1103/PhysRevE.73.036708}
}

@book{artofscientificcomputing1992,
  title={The art of scientific computing},
  author={Press, W.H.},
  isbn={9780521430647},
  url={https://books.google.com.au/books?id=gn\_4mpdN9WkC},
  year={1992},
  publisher={Cambridge University Press}
}

@book{pethick2002bose,
  title={Bose--Einstein condensation in dilute gases},
  author={Pethick, C.J. and Smith, H.},
  isbn={9780521665803},
  lccn={01025622},
  url={https://books.google.com.au/books?id=iBk0G3\_5iIQC},
  year={2002},
  publisher={Cambridge University Press}
}

@article{chiofalo2000,
  title = {Ground state of trapped interacting {Bose--Einstein} condensates by an explicit imaginary-time algorithm},
  author = {Chiofalo, M. L. and Succi, S. and Tosi, M. P.},
  journal = {Phys. Rev. E},
  volume = {62},
  issue = {5},
  pages = {7438--7444},
  numpages = {0},
  year = {2000},
  month = {Nov},
  publisher = {American Physical Society},
  doi = {10.1103/PhysRevE.62.7438},
  url = {http://link.aps.org/doi/10.1103/PhysRevE.62.7438}
}

@article{Gupta93thescalability,
    author = {Anshul Gupta and Vipin Kumar},
    title = {The scalability of \textsc{fft} on parallel computers},
    journal = {IEEE Transactions on Parallel and Distributed Systems},
    year = {1993},
    volume = {4},
    pages = {922--932}
}

@article{Gulshani1978,
author = {P. Gulshani and D. J. Rowe},
title = {Quantum mechanics in rotating frames. I. The impossibility of rigid flow},
journal = {Canadian Journal of Physics},
volume = {56},
number = {4},
pages = {468-479},
year = {1978},
doi = {10.1139/p78-060}
}

@article{vanKempen2002,
  title = {Interisotope Determination of Ultracold Rubidium Interactions from Three High-Precision Experiments},
  author = {van Kempen, E. G. M. and Kokkelmans, S. J. J. M. F. and Heinzen, D. J. and Verhaar, B. J.},
  journal = {Phys. Rev. Lett.},
  volume = {88},
  issue = {9},
  pages = {093201},
  numpages = {4},
  year = {2002},
  month = {Feb},
  publisher = {American Physical Society},
  doi = {10.1103/PhysRevLett.88.093201},
  url = {http://link.aps.org/doi/10.1103/PhysRevLett.88.093201}
}
